% This file was created with JabRef 2.10.
% Encoding: ISO8859_1


@Article{Moore1981,
  Title                    = {Principal component analysis in linear systems: Controllability, observability, and model reduction},
  Author                   = {Moore, B.},
  Journal                  = {Automatic Control, IEEE Transactions on},
  Year                     = {1981},

  Month                    = {Feb},
  Note                     = {Test the annotated bilbiography.},
  Number                   = {1},
  Pages                    = { 17 - 32},
  Volume                   = {26},

  Annote                   = {Seminal work of Moore. While not the first paper on model order reduction in control, it was the first that made it popular and presented a simple technique to obtain a good approximation.},
  Doi                      = {10.1109/TAC.1981.1102568},
  ISSN                     = {0018-9286},
  Keywords                 = { Controllability, linear systems; Multivariable systems; Observability, linear systems; Reduced-order systems, linear;},
  Owner                    = {richard},
  Timestamp                = {2017.01.27}
}

