% This file was created with JabRef 2.10.
% Encoding: ISO8859_1


@Book{AndersonAndMoore,
  Title                    = {Optimal Control: Linear Quadratic Methods},
  Author                   = {Anderson, B.D.O. and Moore, J.B.},
  Publisher                = {Prentice-Hall, Inc.},
  Year                     = {1990},

  Annote                   = {A major book on the theory LQ methods in discrete and continuous control.  Excellent exposition of the Hamilton-Jacobi-Bellman equations to derive the optimal LQR/LQE solutions.},
  Owner                    = {richard},
  Timestamp                = {2017.01.26}
}

@Book{StrunkWhite,
  Title                    = {Elements of Style},
  Author                   = {William Strunk and E.B. White},
  Publisher                = {Longman},
  Year                     = {2000},

  Address                  = {New York, NY},
  Edition                  = {4th},

  Annote                   = {People like this book, personally, I do not think it is good for technical writing.}
}

@Book{NumLinAlg,
  Title                    = {Numerical Linear Algebra},
  Author                   = {Lloyd N. Trefethen and David Bau},
  Publisher                = {Society for Industrial and Applied Mathematics},
  Year                     = {1997},

  Address                  = {Philadelphia, PA},

  Annote                   = {Excellent book for the introduction to numerical linear algebra.  I used the SVD results as an example for the logbook template.},
  Comment                  = {pp. 361, ISBN: 0-89871-361-7, },
  Owner                    = {richard},
  Timestamp                = {2017.01.27}
}

